@PREAMBLE{ {\providecommand{\noopsort}[1]{}} }

@misc{Autotools,
  title="Using {GNU} {Autotools}",
  author="Alexandre Duret-Lutz",
  note="Online \url{http://www.lrde.epita.fr/~adl/dl/autotools.pdf}.",
  
}

@misc{CHISE,
  title="{CHISE} Project",
  note="Online \url{http://www.chise.org/}.",
}

@misc{EDICT2,
  title="The {EDICT} Dictionary File",
  author="Jim Breen",
  note="Online \url{http://www.csse.monash.edu.au/~jwb/edict.html}.",
}

@misc{grep,
  title="{GNU} {Grep} 2.9",
  author="{Free Software Foundation}",
  note="Online \url{http://www.gnu.org/software/grep/manual/grep.html}.",
}

@misc{KanjiVG,
  title="{KanjiVG}",
  author="Ulrich Apel",
  note="Online \url{http://kanjivg.tagaini.net/}.",
}

@misc{Kiten,
  title="{The} {Kiten} {Handbook}, revision 1.2",
  author="Jason Katz-Brown",
  note="Online \url{http://docs.kde.org/development/en/kdeedu/kiten/index.html}.",
}

@misc{TsukuGithub,
  title="{Tsukurimashou} Github repository",
  author="Matthew Skala",
  note="Online \url{http://github.com/mskala/Tsukurimashou}",
}

@misc{Tsukurimashou,
  title="{Tsukurimashou} {Font} {Family} and {IDSgrep}",
  author="Matthew Skala",
  note="Online \url{http://tsukurimashou.sourceforge.jp/}",
}

@incollection{Unicode:IDS,
  author="{Unicode Consortium}",
  title="Ideographic Description Characters",
  chapter="12.2",
  type="section",
  booktitle="The Unicode Standard, Version 6.0.0",
  publisher="The Unicode Consortium",
  address="Mountain View, USA",
  year=2011,
  note="Online \url{http://www.unicode.org/versions/Unicode6.0.0/ch12.pdf}.",
}

@InProceedings{Valgrind,
  title =	"Using {Valgrind} to Detect Undefined Value Errors with
		 Bit-Precision",
  author =	"Julian Seward and Nicholas Nethercote",
  publisher =	"USENIX",
  year = 	"2005",
  booktitle =	"USENIX Annual Technical Conference, General Track",
  pages =	"17--30",
}

@article{UTF2000,
  title = "{\texttt{UTF-2000 プ\linebreak[0]ロ\linebreak[0]ジェ\linebreak[0]クト} [The UTF-2000 Project]}",
  author = "{\noopsort{Morioka, Tomohiko}}{\texttt{守岡\linebreak[0]知彦} [Morioka Tomohiko]}",
  journal = "{\texttt{漢字\linebreak[0]と\linebreak[0]情報} [Kanji and Information]}",
  number = 2,
  pages = "4--6",
  year = 2001,
  month = mar,
  note = "In Japanese.  Online \url{http://www.kanji.zinbun.kyoto-u.ac.jp/publications/kanji-and-info-2.pdf}."
}

@misc{WWWJDIC,
  title="{WWWJDIC: Online Japanese Dictionary Service}",
  author="Jim Breen",
  institution="Monash University",
  note="Online \url{http://www.csse.monash.edu.au/~jwb/cgi-bin/wwwjdic.cgi}.",
}

@misc{XEmacs,
  title="{XEmacs: The next generation of Emacs}",
  author="Ben Wing and others",
  note="Online \url{http://www.xemacs.org/}.",
}
