@misc{CHISE,
  author="{CHISE Project}",
  note="\url{http://www.chise.org/}.",
}

@misc{EDICT2,
  title="The {EDICT} Dictionary File",
  author="Jim Breen",
  note="\url{http://www.csse.monash.edu.au/~jwb/edict.html}.",
}

@Article{Hobby:Chinese,
  author =       "John D. Hobby and Gu Guoan",
  title =        "A {Chinese} meta-font",
  journal =      "TUGboat",
  volume =       "5",
  number =       "2",
  pages =        "119--136",
  month =        nov,
  year =         "1984",
  note = "\url{http://tug.org/TUGboat/05-2/tb10hobby.pdf}",
}

@Article{Hosek:Design,
  author =       "Don Hosek",
  title =        "Design of {Oriental} characters with {\MF}",
  journal =      "TUGboat",
  volume =       "10",
  number =       "4",
  pages =        "499--502",
  month =        dec,
  year =         "1989",
  note = "\url{http://tug.org/TUGboat/10-4/tb26hosek.pdf}",
}

@article{Jackowski:Latin,
  author =       "Bogus{\l}aw Jackowski and Janusz M. Nowacki",
  title =        "{Latin Modern: Enhancing Computer Modern with accents,
                 accents, accents}",
  journal =      "TUGboat",
  volume =       "24",
  number =       "1",
  pages =        "64--74",
  year =         "2003",
  note = "\url{http://tug.org/TUGboat/24-1/jackowski.pdf}",
}

@article{Jackowski:Programming,
  author =       "Bogus{\l}aw Jackowski and Janusz Nowacki and Piotr
                 Strzelczyk",
  title =        "{{Programming {\PS} Type 1 fonts using Meta\kern-.1em
                 Type1: Auditing, enhancing, creating}}",
  journal =      "TUGboat",
  volume =       "24",
  number =       "3",
  pages =        "575--581",
  year =         "2003",
  note = "\url{http://tug.org/TUGboat/24-3/jackowski.pdf}",
}

@misc{Kamichi:GlyphWiki,
  author =     "Kamichi, Koichi",
  title =      "{GlyphWiki}",
  note =       "{\url{http://en.glyphwiki.org/wiki/GlyphWiki:MainPage}}.",
}

@misc{KanjiVG,
  title="{KanjiVG}",
  author="Ulrich Apel",
  note="\url{http://kanjivg.tagaini.net/}.",
}

@Article{Laguna:Hong,
  author =       "Javier Rodr\'{\i}guez Laguna",
  title =        "{H\'ong-Z\kern.05em\`{\i}}: A {Chinese} {\MF}",
  journal =      "TUGboat",
  volume =       "26",
  number =       "2",
  pages =        "125--128",
  year =         "2005",
  note = "\url{http://tug.org/TUGboat/26-2/laguna.pdf}",
}

@TechReport{Mei:LCCD,
  author =	"Tung Yun Mei",
  title =	"{LCCD}, A Language for {Chinese} Character
		 Design",
  type = 	"Report",
  number =	"STAN-CS-80-824",
  institution =  "Stanford University, Department of Computer Science",
  year = 	"1980",
  note = "\url{ftp://reports.stanford.edu/pub/cstr/reports/cs/tr/80/824/CS-TR-80-824.pdf}.\newpage\gobble",
}

@misc{Ohloh:Languages,
  author =     "{Black Duck Software}",
  title =      "The {Tsukurimashou} Open Source Project on {Ohloh}: Languages Page",
  note =       "{\url{https://www.ohloh.net/p/tsukurimashou/analyses/latest/languages_summary}}.",
}

@misc{Ridgeway:Poor,
  author =     "Tom Ridgeway",
  title =      "Poor {Man's} {Chinese} and {Japanese}",
  year =       1990,
  note =       "{\url{http://www.ctan.org/tex-archive/fonts/poorman}}.",
}

@misc{Tanaka:Wadalab,
  author =     "Tetsuro Tanaka",
  title =      "{Wadalab}-{Toolkit}",
  note =       "Web page in Japanese.
                {\url{http://gps.tanaka.ecc.u-tokyo.ac.jp/wadalabfont/}}.",
}

@incollection{Unicode:IDS,
  author="{Unicode Consortium}",
  title="Ideographic Description Characters",
  chapter="12.2",
  type="section",
  booktitle="The Unicode Standard, Version 6.2.0",
  publisher="The Unicode Consortium",
  address="Mountain View, USA",
  year=2012,
  note="\url{http://www.unicode.org/versions/Unicode6.2.0/ch12.pdf}.",
}

@misc{Wenlin:CDL,
  author =     "{Wenlin Institute}",
  title =      "Character Description Language",
  note =       "{\url{http://www.wenlin.com/cdl/}}.",
}

@Article{Yiu:Chinese,
  author =       "Candy L. K. Yiu and Wai Wong",
  title =        "Chinese~character synthesis using \MP",
  journal =      "TUGboat",
  volume =       "24",
  number =       "1",
  pages =        "85--93",
  year =         "2003",
  note = "\url{http://tug.org/TUGboat/24-1/yiu.pdf}",
}
